[gd_scene load_steps=11 format=3 uid="uid://evo40xeh46rs"]

[ext_resource type="Script" path="res://scenes/main.gd" id="1_xpbpj"]
[ext_resource type="PackedScene" uid="uid://b2db3yjlc3ehr" path="res://scenes/menu/screens/introduction.tscn" id="2_wt02h"]
[ext_resource type="PackedScene" uid="uid://byo3q82ww586y" path="res://scenes/game/world.tscn" id="3_d6g71"]
[ext_resource type="PackedScene" uid="uid://66i83s1eliik" path="res://scenes/menu/screens/victory.tscn" id="3_rw51v"]
[ext_resource type="PackedScene" uid="uid://bv8vbvohxsms7" path="res://scenes/menu/screens/defeat.tscn" id="4_w3kwc"]
[ext_resource type="PackedScene" uid="uid://bacig4mwyuce1" path="res://scenes/menu/HUD.tscn" id="6_txefy"]
[ext_resource type="PackedScene" uid="uid://4r4j2kdoofcu" path="res://scenes/menu/choice_panel.tscn" id="7_65slx"]
[ext_resource type="AudioStream" uid="uid://crgqcjl8muliv" path="res://assets/audio/music_day.mp3" id="8_r10iy"]
[ext_resource type="AudioStream" uid="uid://cwkitedgkd4mh" path="res://assets/audio/music_night.mp3" id="9_8kdyl"]
[ext_resource type="AudioStream" uid="uid://c057wbotcxkta" path="res://assets/audio/music_victory.mp3" id="10_5cvgm"]

[node name="Main" type="Node2D"]
script = ExtResource("1_xpbpj")

[node name="Introduction" parent="." instance=ExtResource("2_wt02h")]

[node name="Victory" parent="." instance=ExtResource("3_rw51v")]
visible = false

[node name="Defeat" parent="." instance=ExtResource("4_w3kwc")]
visible = false

[node name="World" parent="." instance=ExtResource("3_d6g71")]

[node name="HUD" parent="." instance=ExtResource("6_txefy")]
visible = false

[node name="ChoicePanel" parent="." instance=ExtResource("7_65slx")]
visible = false

[node name="MusicDay" type="AudioStreamPlayer" parent="."]
stream = ExtResource("8_r10iy")
volume_db = -15.661

[node name="MusicNight" type="AudioStreamPlayer" parent="."]
stream = ExtResource("9_8kdyl")
volume_db = -80.0

[node name="MusicVictory" type="AudioStreamPlayer" parent="."]
stream = ExtResource("10_5cvgm")
volume_db = -20.0

[connection signal="new_game_requested" from="Introduction" to="." method="_on_introduction_new_game_requested"]
[connection signal="introduction_requested" from="Victory" to="." method="_on_victory_introduction_requested"]
[connection signal="introduction_requested" from="Defeat" to="." method="_on_defeat_introduction_requested"]
[connection signal="cycle_incremented" from="World" to="." method="_on_world_cycle_incremented"]
[connection signal="score_incremented" from="World" to="." method="_on_world_score_incremented"]
[connection signal="choice_confirmed" from="ChoicePanel" to="." method="_on_choice_panel_choice_confirmed"]
