[gd_scene load_steps=27 format=3 uid="uid://dlv1ipjbvn8ac"]

[ext_resource type="Script" path="res://scenes/game/player.gd" id="1_mpuur"]
[ext_resource type="Texture2D" uid="uid://c438wovg5qwcv" path="res://assets/sprites/players/scarecrow_action.png" id="2_eowj7"]
[ext_resource type="Texture2D" uid="uid://dnlina603h8j2" path="res://assets/sprites/players/scarecrow_run.png" id="3_21s0w"]
[ext_resource type="Texture2D" uid="uid://dgpj8y0clfuh0" path="res://assets/sprites/players/scarecrow_idle.png" id="3_uk4pu"]
[ext_resource type="Texture2D" uid="uid://u535gqrmy7uy" path="res://assets/sprites/players/pumpking.png" id="5_dn0bh"]
[ext_resource type="Texture2D" uid="uid://b7nfxq7dijpbo" path="res://assets/sprites/players/2d_lights_and_shadows_neutral_point_light.png" id="6_e6gg4"]
[ext_resource type="AudioStream" uid="uid://beh48gtpsm5mc" path="res://assets/audio/walk_1.wav" id="7_t4165"]
[ext_resource type="AudioStream" uid="uid://descfgiv30h3s" path="res://assets/audio/walk_2.wav" id="8_7hpda"]

[sub_resource type="CapsuleShape2D" id="CapsuleShape2D_ueip8"]
radius = 9.0
height = 24.0

[sub_resource type="AtlasTexture" id="AtlasTexture_kgscw"]
atlas = ExtResource("2_eowj7")
region = Rect2(0, 0, 32, 32)

[sub_resource type="AtlasTexture" id="AtlasTexture_hyny4"]
atlas = ExtResource("2_eowj7")
region = Rect2(32, 0, 32, 32)

[sub_resource type="AtlasTexture" id="AtlasTexture_elm0y"]
atlas = ExtResource("2_eowj7")
region = Rect2(64, 0, 32, 32)

[sub_resource type="AtlasTexture" id="AtlasTexture_lrsfq"]
atlas = ExtResource("2_eowj7")
region = Rect2(96, 0, 32, 32)

[sub_resource type="AtlasTexture" id="AtlasTexture_rsbtx"]
atlas = ExtResource("3_uk4pu")
region = Rect2(0, 0, 32, 32)

[sub_resource type="AtlasTexture" id="AtlasTexture_urojo"]
atlas = ExtResource("3_uk4pu")
region = Rect2(32, 0, 32, 32)

[sub_resource type="AtlasTexture" id="AtlasTexture_o2hcb"]
atlas = ExtResource("3_uk4pu")
region = Rect2(64, 0, 32, 32)

[sub_resource type="AtlasTexture" id="AtlasTexture_ke1ch"]
atlas = ExtResource("3_21s0w")
region = Rect2(0, 0, 32, 42)

[sub_resource type="AtlasTexture" id="AtlasTexture_qnlfx"]
atlas = ExtResource("3_21s0w")
region = Rect2(32, 0, 32, 42)

[sub_resource type="AtlasTexture" id="AtlasTexture_cohha"]
atlas = ExtResource("3_21s0w")
region = Rect2(64, 0, 32, 42)

[sub_resource type="AtlasTexture" id="AtlasTexture_0er4s"]
atlas = ExtResource("3_21s0w")
region = Rect2(96, 0, 32, 42)

[sub_resource type="SpriteFrames" id="SpriteFrames_jdwfb"]
animations = [{
"frames": [{
"duration": 1.0,
"texture": SubResource("AtlasTexture_kgscw")
}, {
"duration": 1.0,
"texture": SubResource("AtlasTexture_hyny4")
}, {
"duration": 1.0,
"texture": SubResource("AtlasTexture_elm0y")
}, {
"duration": 1.0,
"texture": SubResource("AtlasTexture_lrsfq")
}],
"loop": false,
"name": &"action",
"speed": 3.0
}, {
"frames": [{
"duration": 1.0,
"texture": SubResource("AtlasTexture_rsbtx")
}, {
"duration": 1.0,
"texture": SubResource("AtlasTexture_urojo")
}, {
"duration": 1.0,
"texture": SubResource("AtlasTexture_o2hcb")
}],
"loop": true,
"name": &"default",
"speed": 3.0
}, {
"frames": [{
"duration": 1.0,
"texture": SubResource("AtlasTexture_ke1ch")
}, {
"duration": 1.0,
"texture": SubResource("AtlasTexture_qnlfx")
}, {
"duration": 1.0,
"texture": SubResource("AtlasTexture_cohha")
}, {
"duration": 1.0,
"texture": SubResource("AtlasTexture_0er4s")
}],
"loop": false,
"name": &"run",
"speed": 7.0
}]

[sub_resource type="CapsuleShape2D" id="CapsuleShape2D_utbd2"]
radius = 13.0
height = 32.0

[sub_resource type="Animation" id="Animation_quyst"]
resource_name = "walk0"
tracks/0/type = "value"
tracks/0/imported = false
tracks/0/enabled = true
tracks/0/path = NodePath("Walk:stream")
tracks/0/interp = 1
tracks/0/loop_wrap = true
tracks/0/keys = {
"times": PackedFloat32Array(0),
"transitions": PackedFloat32Array(1),
"update": 1,
"values": [ExtResource("7_t4165")]
}
tracks/1/type = "value"
tracks/1/imported = false
tracks/1/enabled = true
tracks/1/path = NodePath("Walk:playing")
tracks/1/interp = 1
tracks/1/loop_wrap = true
tracks/1/keys = {
"times": PackedFloat32Array(0),
"transitions": PackedFloat32Array(1),
"update": 1,
"values": [true]
}

[sub_resource type="Animation" id="Animation_ga55m"]
length = 0.001
tracks/0/type = "value"
tracks/0/imported = false
tracks/0/enabled = true
tracks/0/path = NodePath("Walk:stream")
tracks/0/interp = 1
tracks/0/loop_wrap = true
tracks/0/keys = {
"times": PackedFloat32Array(0),
"transitions": PackedFloat32Array(1),
"update": 1,
"values": [ExtResource("7_t4165")]
}
tracks/1/type = "value"
tracks/1/imported = false
tracks/1/enabled = true
tracks/1/path = NodePath("Walk:playing")
tracks/1/interp = 1
tracks/1/loop_wrap = true
tracks/1/keys = {
"times": PackedFloat32Array(0),
"transitions": PackedFloat32Array(1),
"update": 1,
"values": [false]
}

[sub_resource type="Animation" id="Animation_focrx"]
resource_name = "walk1"
tracks/0/type = "value"
tracks/0/imported = false
tracks/0/enabled = true
tracks/0/path = NodePath("Walk:stream")
tracks/0/interp = 1
tracks/0/loop_wrap = true
tracks/0/keys = {
"times": PackedFloat32Array(0),
"transitions": PackedFloat32Array(1),
"update": 1,
"values": [ExtResource("8_7hpda")]
}
tracks/1/type = "value"
tracks/1/imported = false
tracks/1/enabled = true
tracks/1/path = NodePath("Walk:playing")
tracks/1/interp = 1
tracks/1/loop_wrap = true
tracks/1/keys = {
"times": PackedFloat32Array(0),
"transitions": PackedFloat32Array(1),
"update": 1,
"values": [true]
}

[sub_resource type="AnimationLibrary" id="AnimationLibrary_0ip5l"]
_data = {
"RESET": SubResource("Animation_ga55m"),
"walk0": SubResource("Animation_quyst"),
"walk1": SubResource("Animation_focrx")
}

[node name="Player" type="CharacterBody2D"]
collision_priority = 2.0
script = ExtResource("1_mpuur")

[node name="CollisionShape2D" type="CollisionShape2D" parent="."]
position = Vector2(-1, 0)
shape = SubResource("CapsuleShape2D_ueip8")

[node name="Animation" type="AnimatedSprite2D" parent="."]
sprite_frames = SubResource("SpriteFrames_jdwfb")

[node name="Agressive" type="Area2D" parent="."]

[node name="CollisionShape2D" type="CollisionShape2D" parent="Agressive"]
position = Vector2(-1, 0)
shape = SubResource("CapsuleShape2D_utbd2")
debug_color = Color(0.870588, 0.286275, 0.517647, 0.419608)

[node name="Attack" type="Timer" parent="."]
wait_time = 0.5

[node name="Pumpking" type="Sprite2D" parent="."]
visible = false
position = Vector2(0, -2)
texture = ExtResource("5_dn0bh")

[node name="PointLight2D" type="PointLight2D" parent="."]
scale = Vector2(0.683594, 0.683594)
enabled = false
texture = ExtResource("6_e6gg4")

[node name="Walk" type="AudioStreamPlayer" parent="."]
stream = ExtResource("7_t4165")
volume_db = -10.576

[node name="SoundEffect" type="AnimationPlayer" parent="."]
libraries = {
"": SubResource("AnimationLibrary_0ip5l")
}

[connection signal="animation_finished" from="Animation" to="." method="_on_animation_animation_finished"]
[connection signal="body_entered" from="Agressive" to="." method="_on_agressive_body_entered"]
[connection signal="body_exited" from="Agressive" to="." method="_on_agressive_body_exited"]
[connection signal="timeout" from="Attack" to="." method="_on_attack_timeout"]
