[gd_scene load_steps=6 format=3 uid="uid://4r4j2kdoofcu"]

[ext_resource type="Texture2D" uid="uid://kkom1e0y0vf8" path="res://assets/sprites/HUD/board.png" id="1_m81ee"]
[ext_resource type="Script" path="res://scenes/menu/choice_panel.gd" id="1_r6khe"]
[ext_resource type="Texture2D" uid="uid://lb7w100dq8b3" path="res://assets/sprites/HUD/woodenboard_paper.png.png" id="3_8xpa6"]
[ext_resource type="FontFile" uid="uid://duxnuneu1nssi" path="res://assets/fonts/ConnectionII.otf" id="4_6jd51"]

[sub_resource type="RectangleShape2D" id="RectangleShape2D_osbhx"]
size = Vector2(62, 83)

[node name="ChoicePanel" type="CanvasLayer"]
script = ExtResource("1_r6khe")

[node name="BackgroundPanel" type="Sprite2D" parent="."]
position = Vector2(240, 130)
rotation = -1.5708
scale = Vector2(6, 6)
texture = ExtResource("1_m81ee")

[node name="BackgroundChoiceLeft" type="Sprite2D" parent="."]
position = Vector2(200, 125)
scale = Vector2(2.63281, 2.78125)
texture = ExtResource("3_8xpa6")

[node name="BackgroundChoiceRight" type="Sprite2D" parent="."]
position = Vector2(282, 126)
scale = Vector2(2.63281, 2.78125)
texture = ExtResource("3_8xpa6")

[node name="AreaChoiceLeft" type="Area2D" parent="."]

[node name="CollisionShape2D" type="CollisionShape2D" parent="AreaChoiceLeft"]
position = Vector2(200, 125)
shape = SubResource("RectangleShape2D_osbhx")

[node name="AreaChoiceRight" type="Area2D" parent="."]

[node name="CollisionShape2D" type="CollisionShape2D" parent="AreaChoiceRight"]
position = Vector2(282, 126)
shape = SubResource("RectangleShape2D_osbhx")

[node name="IconChoiceLeft" type="Sprite2D" parent="."]
position = Vector2(200, 115)

[node name="IconChoiceRight" type="Sprite2D" parent="."]
position = Vector2(282, 115)

[node name="LabelChoiceLeft" type="Label" parent="."]
offset_left = 168.0
offset_top = 135.0
offset_right = 232.0
offset_bottom = 158.0
theme_override_colors/font_color = Color(0, 0, 0, 1)
theme_override_fonts/font = ExtResource("4_6jd51")
theme_override_font_sizes/font_size = 9
horizontal_alignment = 1

[node name="LabelChoiceRight" type="Label" parent="."]
texture_filter = 1
offset_left = 250.0
offset_top = 135.0
offset_right = 314.0
offset_bottom = 158.0
theme_override_colors/font_color = Color(0, 0, 0, 1)
theme_override_fonts/font = ExtResource("4_6jd51")
theme_override_font_sizes/font_size = 9
horizontal_alignment = 1

[node name="Timer" type="Timer" parent="."]
one_shot = true

[connection signal="visibility_changed" from="." to="." method="_on_visibility_changed"]
[connection signal="input_event" from="AreaChoiceLeft" to="." method="_on_area_choice_left_input_event"]
[connection signal="input_event" from="AreaChoiceRight" to="." method="_on_area_choice_right_input_event"]
